@BOOK{MMETH,
	TITLE="Einf체hrung in die physikalischen Messmethoden",
	PUBLISHER="Institut f체r Experimentalphysik Technische Universit채t Graz",
	YEAR="2021"
}
@Online{PYTHON,
	TITLE="The Python Language Reference",
	PUBLISHER="Python Software Foundation",
	DATE="2021-11-11",
	URL="https://docs.python.org/3/reference/"
}
@ONLINE{UN,
	TITLE="uncertainties",
	PUBLISHER="Eric O. Lebigot",
	DATE="2021-10-22",
	URL="https://pythonhosted.org/uncertainties/"
}
@ARTICLE{2020SciPy-NMeth,
  author  = {Virtanen, Pauli and Gommers, Ralf and Oliphant, Travis E. and
            Haberland, Matt and Reddy, Tyler and Cournapeau, David and
            Burovski, Evgeni and Peterson, Pearu and Weckesser, Warren and
            Bright, Jonathan and {van der Walt}, St{\'e}fan J. and
            Brett, Matthew and Wilson, Joshua and Millman, K. Jarrod and
            Mayorov, Nikolay and Nelson, Andrew R. J. and Jones, Eric and
            Kern, Robert and Larson, Eric and Carey, C J and
            Polat, {\.I}lhan and Feng, Yu and Moore, Eric W. and
            {VanderPlas}, Jake and Laxalde, Denis and Perktold, Josef and
            Cimrman, Robert and Henriksen, Ian and Quintero, E. A. and
            Harris, Charles R. and Archibald, Anne M. and
            Ribeiro, Ant{\^o}nio H. and Pedregosa, Fabian and
            {van Mulbregt}, Paul and {SciPy 1.0 Contributors}},
  title   = {{{SciPy} 1.0: Fundamental Algorithms for Scientific
            Computing in Python}},
  journal = {Nature Methods},
  year    = {2020},
  volume  = {17},
  pages   = {261--272},
  adsurl  = {https://rdcu.be/b08Wh},
  doi     = {10.1038/s41592-019-0686-2},
}
@Article{         harris2020array,
 title         = {Array programming with {NumPy}},
 author        = {Charles R. Harris and K. Jarrod Millman and St{\'{e}}fan J.
                 van der Walt and Ralf Gommers and Pauli Virtanen and David
                 Cournapeau and Eric Wieser and Julian Taylor and Sebastian
                 Berg and Nathaniel J. Smith and Robert Kern and Matti Picus
                 and Stephan Hoyer and Marten H. van Kerkwijk and Matthew
                 Brett and Allan Haldane and Jaime Fern{\'{a}}ndez del
                 R{\'{i}}o and Mark Wiebe and Pearu Peterson and Pierre
                 G{\'{e}}rard-Marchant and Kevin Sheppard and Tyler Reddy and
                 Warren Weckesser and Hameer Abbasi and Christoph Gohlke and
                 Travis E. Oliphant},
 year          = {2020},
 month         = sep,
 journal       = {Nature},
 volume        = {585},
 number        = {7825},
 pages         = {357--362},
 doi           = {10.1038/s41586-020-2649-2},
 publisher     = {Springer Science and Business Media {LLC}},
 url           = {https://doi.org/10.1038/s41586-020-2649-2}
}
@software{reback2020pandas,
    author       = {The pandas development team},
    title        = {pandas-dev/pandas: Pandas},
    month        = feb,
    year         = 2020,
    publisher    = {Zenodo},
    version      = {latest},
    doi          = {10.5281/zenodo.3509134},
    url          = {https://doi.org/10.5281/zenodo.3509134}
}
@Article{Hunter:2007,
  Author    = {Hunter, J. D.},
  Title     = {Matplotlib: A 2D graphics environment},
  Journal   = {Computing in Science \& Engineering},
  Volume    = {9},
  Number    = {3},
  Pages     = {90--95},
  abstract  = {Matplotlib is a 2D graphics package used for Python for
  application development, interactive scripting, and publication-quality
  image generation across user interfaces and operating systems.},
  publisher = {IEEE COMPUTER SOC},
  doi       = {10.1109/MCSE.2007.55},
  year      = 2007
}
@BOOK{LAB,
  AUTHOR="Harald Ditlbacher",
	TITLE="Abbe Theorie",
	PUBLISHER="Karl-Franzens Universit채t Graz",
	YEAR="2021"
}
@ONLINE{Power,
  TITLE="Operation Manual",
	PUBLISHER="Thorlabs",
	DATE="2024-04-22",
	URL="https://www.thorlabs.com/_sd.cfm?fileName=17654-D02.pdf&partNumber=PM100D"
}
@ONLINE{Speck,
  TITLE="High Resolution Spectrometer",
	PUBLISHER="APE",
	DATE="2024-04-22",
	URL="https://www.ape-berlin.de/content/uploads/2021/11/APE-waveScan-digital-rev.-3.3.2.pdf"
}
@ONLINE{Laser,
  TITLE="Operation Manual",
	PUBLISHER="Menlosystems",
	DATE="2024-04-22",
	URL="https://www.menlosystems.com/products/femtosecond-lasers-and-amplifiers/orange/"
}
@ONLINE{TempC,
  TITLE="Heater Controller",
	PUBLISHER="Thorlabs",
	DATE="2024-04-22",
	URL="https://www.thorlabs.com/catalogpages/obsolete/2021/TC200-EC.pdf"
}
@ONLINE{Laser_cav,
  TITLE="Laser",
	PUBLISHER="Wikipedia",
	DATE="2024-04-22",
	URL="https://en.wikipedia.org/wiki/Laser"
}

@Article{Iodine,
AUTHOR = {Saiz-Lopez, A. and Saunders, R. W. and Joseph, D. M. and Ashworth, S. H. and Plane, J. M. C.},
TITLE = {Absolute absorption cross-section and photolysis rate of I$_{2}$},
JOURNAL = {Atmospheric Chemistry and Physics},
VOLUME = {4},
YEAR = {2004},
NUMBER = {5},
PAGES = {1443--1450},
URL = {https://acp.copernicus.org/articles/4/1443/2004/},
DOI = {10.5194/acp-4-1443-2004}
}

@ONLINE{Photosensor,
  TITLE="Compact Photodiode Power Head with Silicon Detector",
	PUBLISHER="Thorlabs",
	DATE="2024-04-22",
	URL="https://www.thorlabs.com/_sd.cfm?fileName=18358-S01.pdf&partNumber=S121C"
}

@book{demtroder2014laser,
  title={Laser spectroscopy 1: basic principles},
  author={Demtr{\"o}der, Wolfgang},
  year={2014},
  publisher={Springer}
}

@online{attenuation,
  TITLE="Molar absorption coefficient",
	PUBLISHER="Wikipedia",
	DATE="2024-04-22",
	URL="https://en.wikipedia.org/wiki/Molar_absorption_coefficient"
}

@article{tellinghuisen2011least,
  title={Least-squares analysis of overlapped bound-free absorption spectra and predissociation data in diatomics: The C (1$\Pi$u) state of I2},
  author={Tellinghuisen, Joel},
  journal={The Journal of chemical physics},
  volume={135},
  number={5},
  year={2011},
  publisher={AIP Publishing}
}

